@article{maggiore2012virtual,
  title={Virtual holonomic constraints for Euler--Lagrange systems},
  author={Maggiore, Manfredi and Consolini, Luca},
  journal={IEEE Transactions on Automatic Control},
  volume={58},
  number={4},
  pages={1001--1008},
  year={2012},
  publisher={IEEE}
}

@article{baumgarte1983new,
  title={A new method of stabilization for holonomic constraints},
  author={Baumgarte, JW},
  journal={ASME Journal of Applied Mechanics},
  volume={50},
  pages={869},
  year={1983}
}